<?xml version="1.0" encoding="UTF-8"?><collection><record><leader>07199ntm a2200613 a 4500</leader><controlfield tag="001">006796009</controlfield><controlfield tag="003">MiAaHDL</controlfield><controlfield tag="005">20190806000000.0</controlfield><controlfield tag="006">m        d        </controlfield><controlfield tag="007">cr bn ---auaua</controlfield><controlfield tag="008">090521s1381    xx            00| ||ara d</controlfield><datafield tag="035" ind1=" " ind2=" "><subfield code="a">(MiU)006796009</subfield></datafield><datafield tag="035" ind1=" " ind2=" "><subfield code="a">sdr-miu006796009</subfield></datafield><datafield tag="040" ind1=" " ind2=" "><subfield code="a">MiU</subfield><subfield code="c">MiU</subfield><subfield code="e">amremm</subfield></datafield><datafield tag="043" ind1=" " ind2=" "><subfield code="a">n-us-mi</subfield><subfield code="a">aw-----</subfield><subfield code="a">ff-----</subfield><subfield code="a">e-sp---</subfield></datafield><datafield tag="100" ind1="1" ind2=" "><subfield code="6">880-01</subfield><subfield code="a">Būṣīrī, Sharaf al-Dīn Muḥammad ibn Saʻīd,</subfield><subfield code="d">1213?-1296?</subfield></datafield><datafield tag="240" ind1="1" ind2="0"><subfield code="6">880-02</subfield><subfield code="a">Burdah</subfield></datafield><datafield tag="245" ind1="1" ind2="3"><subfield code="6">880-03</subfield><subfield code="a">al-Kawākib al-durrīyah fī madḥ khayr al-barīyah,</subfield><subfield code="f">[783, i.e. 1381].</subfield></datafield><datafield tag="260" ind1=" " ind2=" "><subfield code="c">[1381].</subfield></datafield><datafield tag="300" ind1=" " ind2=" "><subfield code="a">28 leaves :</subfield><subfield code="b">paper ;</subfield><subfield code="c">349 x 265 (309 x 212) mm. bound to 355 x 270 mm.</subfield></datafield><datafield tag="500" ind1=" " ind2=" "><subfield code="a">Shelfmark: Ann Arbor, University of Michigan, Special Collections Library, Isl. Ms. 228</subfield></datafield><datafield tag="500" ind1=" " ind2=" "><subfield code="a">Origin: As appears in colophon, executed by Muḥammad ibn ʻAlī [ibn Aḥmad] al-Ziftāwī in the first tenth of Muḥarram 783 [March-April 1381].</subfield></datafield><datafield tag="500" ind1=" " ind2=" "><subfield code="a">Binding: Pasteboards covered in a light brown leather ; Western style binding ; pastedowns and flyleaves in heavy untinted wove paper ; upper and lower covers carry decoration evoking the Islamic style with central oval ornament (wreath stamped in green) and cornerpieces (scrolling vegetal motifs stamped in green) as well as stamped border of repeating floral / shell pattern in red ; sewn in white thread over three heavy white cords (flexible sewing) ; no endbands ; paper label on spine ; in fairly good condition though sewing exposed between a few separated gatherings.</subfield></datafield><datafield tag="500" ind1=" " ind2=" "><subfield code="a">Support: non-European (Arab) laid paper with chain lines grouped in threes running horizontally, spaced roughly 12-15 mm. apart with roughly 42 mm. between the groups ; laid lines running vertically spaced roughly 9 laid lines per cm. ; heavy and well-burnished with undissolved fibers and inclusions visible ; staining ; numerous reinforcements and repairs throughout, mainly guards but also fills (see first folio carrying the titlepiece and opening).</subfield></datafield><datafield tag="500" ind1=" " ind2=" "><subfield code="a">Decoration: Exquisite, richly illuminated titlepiece ; ansa in the form of roundel with rosette attached to upper panel, which is surmounted by fine arabesque and vertical stalks in blue, lavender, gold, green, etc. ; upper panel contains cartouche carrying title in foliated Kufic lettered in gold on a field of blue with green swirling vegetal pattern ; lower panel contains large scalloped medallion (shamsah) carrying statement of authorship and ex libris lettered in gold with lined cloud-bands and vegetal accents, surrounded by a field of blue with floral vegetal design in gold, lavender, and green ; decorative strapwork border in gold surrounds entire piece ; illuminated headpiece consisting of a rectangular panel with roundel/rosette ansa ; within the panel, the basmalah is executed in gold accented with cloud-bands and cross-hatch pattern ; illuminated tailpiece consists of a rectangular panel with roundel/rosette ansa ; within the panel two roundels with rosettes flank the date of transcription accented with cloud-bands and cross-hatch pattern ; a red rule-border outlines the text itself, with illuminated rosettes flanking the lines of the amplification (takhmīs) ; on the opening and facing page, rosettes in blue and gold along with roundel in gold bearing word "تخميس" [?] ; text partially chrysographed with final words of each line in gold.</subfield></datafield><datafield tag="500" ind1=" " ind2=" "><subfield code="a">Script: Very fine Mamlūk calligraphy ; saṭr and first words of ʻajuz for each bayt in thuluth (verging on tawqīʻ), final words of ʻajuz in tawqīʻ and amplification in serifless naskh ; text and takhmīs fully vocalized ; title of titlepiece in foliated Kufic ; ex libris of titlepiece in tawqīʻ ; text of tailpiece in riqāʻ verging on tawqīʻ.</subfield></datafield><datafield tag="500" ind1=" " ind2=" "><subfield code="a">Layout: Written in 12 lines per page, 3 lines of the poem and 9 of the amplification, with the saṭr and first few words of the ʻajuz of each bayt filling the column width horizontally and the remainder of the ʻajuz appended slanting down diagonally, and three lines of amplification centered below the saṭr and first few words of the ʻajuz ; frame-ruled.</subfield></datafield><datafield tag="500" ind1=" " ind2=" "><subfield code="a">Collation: i, III (6), II (4), 4 I(18), I+1 (21), 2 I(25), I+1 (28), i ; difficult to discern original gatherings, but appears to consist mainly in single bifolia (singulions) ; no catchwords present ; pagination in pencil, Western numerals, supplied during cataloguing.</subfield></datafield><datafield tag="500" ind1=" " ind2=" "><subfield code="a">Colophon: "Scribal," reads: "تمت مع التخميس بحمد الله وعونه وصلى الله على نبيه محمد كتبها محمد بن علي الشهير بالزفتاوي عفا الله عنه بكرمه في العشر الاول من شهر الله المحرم افتتاح عام ثلاث وثمانين وسبعمائة حسبنا الله ونعم الوكيل"</subfield></datafield><datafield tag="500" ind1=" " ind2=" "><subfield code="a">Explicit: "ما رنحت عذبات البان ريح صبا واطرب العيس حادي العيس بالنغم"</subfield></datafield><datafield tag="500" ind1=" " ind2=" "><subfield code="a">Incipit: "بسم الله الرحمن الرحيم الحمد لله رب العالمين ما بال قلبك لا ينفك ذا ألم ... امن تذكر جيران بذي سلم مزجت دمعا جرى من مقلة بدم ..."</subfield></datafield><datafield tag="500" ind1=" " ind2=" "><subfield code="a">Title from titlepiece.</subfield></datafield><datafield tag="500" ind1=" " ind2=" "><subfield code="a">Ms. codex.</subfield></datafield><datafield tag="520" ind1="8" ind2=" "><subfield code="a">An elegant copy of al-Būṣīrī's poem in praise of the Prophet with its amplification (takhmīs) by Nāṣir al-Dīn Muḥammad al-Fayyūmī (mid-14th century), as well as a fine specimen of Mamlūk calligraphy as executed by al-Ziftāwī (d.806/1403 or 4).</subfield></datafield><datafield tag="538" ind1=" " ind2=" "><subfield code="a">Mode of access: Internet.</subfield></datafield><datafield tag="541" ind1=" " ind2=" "><subfield code="c">Purchase ;</subfield><subfield code="a">Acquired by purchase (funds donated by Horace Rackham).</subfield><subfield code="d">1924.</subfield></datafield><datafield tag="546" ind1=" " ind2=" "><subfield code="a">Arabic.</subfield></datafield><datafield tag="561" ind1=" " ind2=" "><subfield code="a">From ex libris in shamsah of titlepiece, "لخزانة الجناب العالي المولوي القاضوي ...[؟] عمرها الله ببقاية محمد واله".</subfield></datafield><datafield tag="600" ind1="0" ind2="0"><subfield code="a">Muḥammad,</subfield><subfield code="c">Prophet,</subfield><subfield code="d">-632</subfield><subfield code="v">Poetry</subfield><subfield code="v">Early works to 1800.</subfield></datafield><datafield tag="650" ind1=" " ind2="0"><subfield code="a">Manuscripts, Arabic</subfield><subfield code="z">Michigan</subfield><subfield code="z">Ann Arbor.</subfield></datafield><datafield tag="650" ind1=" " ind2="0"><subfield code="a">Islamic calligraphy</subfield><subfield code="v">Specimens.</subfield></datafield><datafield tag="650" ind1=" " ind2="0"><subfield code="a">Writing, Arabic</subfield><subfield code="v">Specimens.</subfield></datafield><datafield tag="650" ind1=" " ind2="0"><subfield code="a">Calligraphy, Arabic</subfield><subfield code="v">Specimens.</subfield></datafield><datafield tag="655" ind1=" " ind2="7"><subfield code="a">Tailpieces (layout features)</subfield><subfield code="z">Islamic empire</subfield><subfield code="y">14th century.</subfield><subfield code="2">aat</subfield></datafield><datafield tag="655" ind1=" " ind2="7"><subfield code="a">Headpieces (layout features)</subfield><subfield code="z">Islamic empire</subfield><subfield code="y">14th century.</subfield><subfield code="2">aat</subfield></datafield><datafield tag="700" ind1="0" ind2=" "><subfield code="a">Abdülhamid</subfield><subfield code="b">II,</subfield><subfield code="c">Sultan of the Turks,</subfield><subfield code="d">1842-1918,</subfield><subfield code="e">former owner.</subfield></datafield><datafield tag="700" ind1="1" ind2=" "><subfield code="6">880-05</subfield><subfield code="a">Ziftāwī, Muḥammad ibn ʻAlī,</subfield><subfield code="d">d. 1403 or 4,</subfield><subfield code="e">calligrapher.</subfield></datafield><datafield tag="700" ind1="1" ind2=" "><subfield code="6">880-04</subfield><subfield code="a">Fayyūmī, Nāṣir al-Dīn Muḥammad ibn ʻAbd al-Ṣamad,</subfield><subfield code="d">ca. 14th cent.,</subfield><subfield code="t">Takhmīs Qaṣīdat al-burdah.</subfield></datafield><datafield tag="773" ind1="0" ind2=" "><subfield code="a">Abdul Hamid Collection.</subfield></datafield><datafield tag="880" ind1="1" ind2=" "><subfield code="6">700-05/</subfield><subfield code="a">زفتاوي، محمد بن علي،</subfield><subfield code="e">خطاط.</subfield></datafield><datafield tag="880" ind1="1" ind2=" "><subfield code="6">700-04/</subfield><subfield code="a">فيومي، ناصر الدين محمد بن عبد الصبد،</subfield><subfield code="t">تخميس قصيدة البردة.</subfield></datafield><datafield tag="880" ind1="1" ind2="2"><subfield code="6">245-03/</subfield><subfield code="a">الكواكب الدرية في مدح خير البرية,</subfield><subfield code="f">[783ه, 1381م].</subfield></datafield><datafield tag="880" ind1="1" ind2="0"><subfield code="6">240-02/</subfield><subfield code="a">برده</subfield></datafield><datafield tag="880" ind1="1" ind2=" "><subfield code="6">100-01/</subfield><subfield code="a">بوصيري, شرف الدين محمد بن سعيد.</subfield></datafield><datafield tag="CID" ind1=" " ind2=" "><subfield code="a">006796009</subfield></datafield><datafield tag="DAT" ind1="0" ind2=" "><subfield code="a">20190806040242.0</subfield><subfield code="b">20190806000000.0</subfield></datafield><datafield tag="DAT" ind1="1" ind2=" "><subfield code="a">20190806090531.0</subfield><subfield code="b">2019-08-06T16:09:05Z</subfield></datafield><datafield tag="DAT" ind1="2" ind2=" "><subfield code="a">2015-10-02T18:00:03Z</subfield></datafield><datafield tag="CAT" ind1=" " ind2=" "><subfield code="a">SDR-MIU</subfield><subfield code="d">EX LIBRIS - ALEPH</subfield><subfield code="l">prepare.pl-004-008</subfield></datafield><datafield tag="FMT" ind1=" " ind2=" "><subfield code="a">BK</subfield></datafield><datafield tag="HOL" ind1=" " ind2=" "><subfield code="0">sdr-miu006796009</subfield><subfield code="a">MiU</subfield><subfield code="b">SDR</subfield><subfield code="c">MIU</subfield><subfield code="p">mdp.39015079126135</subfield><subfield code="s">MIU</subfield><subfield code="1">006796009</subfield></datafield><datafield tag="974" ind1=" " ind2=" "><subfield code="b">MIU</subfield><subfield code="c">MIU</subfield><subfield code="d">20190806</subfield><subfield code="s">lit-dlps-dc</subfield><subfield code="u">mdp.39015079126135</subfield><subfield code="y">1381</subfield><subfield code="r">pd</subfield><subfield code="q">bib</subfield><subfield code="t">non-US bib date1 &lt; 1896</subfield></datafield></record></collection>